@misc{LibNoise,
    author          = {Jason Bevins},
    title           = {LibNoise},
    howpublished    = {\url{http://libnoise.sourceforge.net}},
    note            = {(Dernière accès 16 janvier 2014)},
}
@misc{FracPlanet,
    author          = {Tim Day},
    title           = {FracPlanet},
    howpublished    = {\url{http://fracplanet.sourceforge.net}},
    note            = {(Dernière accès 16 janvier 2014)},
}
@misc{TerraJ,
    author          = {Martin Smith},
    title           = {TerraJ},
    howpublished    = {\url{http://terraj.sourceforge.net}},
    note            = {(Dernière accès 16 janvier 2014)},
}
@misc{Terragen,
    author          = {Planet Side},
    title           = {Terragen},
    howpublished    = {\url{http://planetside.co.uk/products/terragen3}},
    note            = {(Dernière accès 16 janvier 2014)},
}
@misc{Mojoworld,
    author          = {Pandromeda Inc},
    title           = {Mojoworld},
    howpublished    = {\url{http://www.pandromeda.com/products/mojoworldpro.php}},
    note            = {(Dernière accès 16 janvier 2014)},
}
@misc{Vue,
    author          = {e-on software},
    title           = {Vue},
    howpublished    = {\url{http://www.e-onsoftware.com/products/vue/}},
    note            = {(Dernière accès 16 janvier 2014)},
}
@misc{Grome,
    author          = {Quad Software},
    title           = {Grome},
    howpublished    = {\url{http://www.quadsoftware.com/index.php?m=section&sec=product&subsec=editor}},
    note            = {(Dernière accès 16 janvier 2014)},
}
@book{Eber02,
 author = {Ebert, David S. and Musgrave, F. Kenton and Peachey, Darwyn and Perlin, Ken and Worley, Steven},
 title = {Texturing and Modeling: A Procedural Approach},
 year = {2002},
 isbn = {1558608486},
 edition = {3rd},
 publisher = {Morgan Kaufmann Publishers Inc.},
 address = {San Francisco, CA, USA},
}
@Article{procGen,
author = {Doran, Jonathon and Parberry, Ian},
title = {Controlled Procedural Terrain Generation Using Software Agents},
journal = {IEEE Trans. Comput. Intellig. and AI in Games},
year = 2010,
OPTvolume = 2,
OPTpages = {111-119},
}
@InProceedings{procMeth,
author = {Smelik, Ruben M. and De Kraker, Klaas Jan and Groenewegen, Saskia A. and Tutenel, Tim and Bidarra, Rafael},
title = {A Survey of Procedural Methods for Terrain Modelling},
booktitle = {Proc. of the CASA Workshop on 3D Advanced Media In Gaming And Simulation (3AMIGAS},
year = 2009
}
@MastersThesis{planGen,
author = {Ondřej, Linda},
title = {Generation of planetary models by means of fractal algorithms},
school = {Czech Technical University in Prague },
year = 2007,
OPTmonth = 8
}
@Book{stochSim,
ALTauthor = {Ripley, Brian D.},
ALTeditor = {•},
title = {Stochastic Simulation},
publisher = {Wiley},
year = 1987,
OPTseries = {Wiley series in probability and mathematical statistics},
}
@Book{Four82,
author = {Fournier, Alain and Fussell, Don and Carpenter, Loren},
title = {Computer rendering of stochastic models},
publisher = {Magazine Communications of the ACM },
year = 1982 ,
}
@Misc{gameProgURL,
author = {Martz, Paul},
title = {Generating Random Fractal Terrain},
howpublished = {\url{http://gameprogrammer.com/fractal.html}},
year = 1996,
note = {Accessed 14 January 2014}
}
@Misc{fracTerrURL,
author = {Hibal, Tim},
title = {Fractal Terrain: Midpoint Displacement Algorithm},
howpublished = {\url{http://tim.hibal.org/blog/?p=139}},
month = 3,
year = 2012,
note = {Accessed 14 January 2014}
}
@Misc{techFractGenURL,
author = {Bird, Krista and Dickerson, Thomas and George, Jessica},
title = {Techniques for Fractal Terrain Generation},
howpublished = {\url{http://web.williams.edu/Mathematics/sjmiller/public_html/hudson/Dickerson_Terrain.pdf}},
year = 2013,
note = {Accessed 17 January 2014},
}
@Misc{DynTerrGenURL,
author = {Jense, Hans and van Lawick van Pabst, Joost},
title = {Dynamic Terrain Generation Based on Multifractal Techniques},
howpublished = {\url{http://www.lawick.nl/downloads/paperft.pdf}},
year = 1996,
note = {Accessed 17 January 2014}
}
@Misc{largeDetTerrainsURL,
author = {students of the Technical University of Denmark},
title = {Rendering Very Large, Very Detailed Terrains},
howpublished = {\url{http://www.terrain.dk/}},
year = 2003,
note = {Accessed 17 January 2014}
}
@Misc{lamontURL,
author = {Depraetere, C.},
title = {Format Lamont},
howpublished = {\url{http://www.athys-soft.org/v1/aide/mercedes/formatLamont.html}},
year = 1993,
note = {Accessed 17 January 2014}
}
@Misc{PerlinImpl,
author = {Ken Perlin},
title = {Noise and Turbulence},
howpublished = {\url{http://www.mrl.nyu.edu/~perlin/doc/oscar.html#noise}},
note = {Accessed 18 February 2014}
}
@misc{Ulrich2002,
    author = {Ulrich, T.},
    booktitle = {SIGGRAPH Course Notes},
    citeulike-article-id = {5936387},
    citeulike-linkout-0 = {http://scholar.google.com/scholar?hl=en\&\#38;btnG=Search\&\#38;q=intitle:rendering+massive+terrains+using+chunked+level+of+detail+control\#0},
    institution = {Oddworld Inhabitants},
    keywords = {file-import-09-10-13},
    posted-at = {2009-10-13 14:11:10},
    priority = {0},
    title = {{Rendering massive terrains using chunked level of detail control}},
    url = {http://scholar.google.com/scholar?hl=en\&btnG=Search\&q=intitle:rendering+massive+terrains+using+chunked+level+of+detail+control\#0},
    volume = {3},
    year = {2002}
}
@misc{citeulike:623420,
    abstract = {This paper will give a full description of the
algorithm},
    author = {Willem, B. and De, H.},
    citeulike-article-id = {623420},
    citeulike-linkout-0 = {http://citeseerx.ist.psu.edu/viewdoc/summary?doi=10.1.1.58.2737},
    posted-at = {2006-05-11 16:46:31},
    title = {Fast Terrain Rendering Using Geometrical {MipMapping}},
    url = {http://citeseerx.ist.psu.edu/viewdoc/summary?doi=10.1.1.58.2737},
    year = {2000}
}
@Misc{irrlicht,
author = {Nikolaus Gebhardt},
title = {Irrlicht 3D Engine},
howpublished = {\url{http://irrlicht.sourceforge.net}},
note = {Accessed 18 February 2014}
}
@misc{SimplexNoise,
    author = {Gustavson, S.},
    title = {Simplex noise demystified},
    url = {http://staffwww.itn.liu.se/~stegu/simplexnoise/},
    year = {2005}
}
@Article{Mand68,
author = {Mandelbrot, Benoit B. and Van Ness, John W.},
title = {Fractional brownian motions, fractional noises and applications},
journal = {SIAM review},
year = {1968},
OPTvolume = {10},
OPTnumber = {4},
OPTmonth = {10}
}
@Article{Deus98,
author = {Deussen, Oliver and Hanrahan, Pat and Lintermann, Bernd and Pharr, Matt and Prusinkiewicz, Przemyslaw and Mech, Radomir},
title = {Realistic modeling and rendering of plant ecosystems},
journal = {Computer Graphics},
year = {1998},
OPTkey = {citeulike:1390199},
OPTvolume = {32},
OPTpages = {275-286},
OPTnote = {Annual Conference Series}
}
@Article{Kell88,
author = {Kelley, Alex D. and Malin, Michael C. and Nielson, Gregory M.},
title = {Terrain simulation using a model of stream erosion},
journal = {Computer Graphics},
year = {1988},
OPTvolume = {22},
OPTnumber = {4},
OPTpages = {263-268},
OPTmonth = {8}
}
@Misc{PerlinWeb,
author = {Hugo Elias},
title = {Perlin Noise},
howpublished = {\url{http://freespace.virgin.net/hugo.elias/models/m_perlin.htm}},
note = {Accessed 2 March 2014},
}
@Misc{FractalTerrainGeneration,
key = {fractergen},
title = {Google projet about fractal terrain generation},
howpublished = {\url{http://code.google.com/p/fractalterraingeneration/}},
note = {Accessed 3 March 2014},
}

